<?xml version="1.0" encoding="UTF-8"?><collection xmlns="http://www.loc.gov/MARC21/slim"><record><leader>00524nam--2200193-u-4500</leader><controlfield tag="001">000055239</controlfield><controlfield tag="002">20161230</controlfield><controlfield tag="005">20161230201052</controlfield><controlfield tag="008">121127s1000------------r-----000-0-rus-d</controlfield><datafield ind1=" " ind2=" " tag="040"><subfield code="a">IFIN-HH</subfield></datafield><datafield ind1=" " ind2=" " tag="041"><subfield code="a">rus</subfield></datafield><datafield ind1=" " ind2=" " tag="080"><subfield code="a">537.635</subfield></datafield><datafield ind1="1" ind2=" " tag="100"><subfield code="a">Vlasova, M.V</subfield></datafield><datafield ind1="1" ind2="0" tag="245"><subfield code="a">Elektronnii paramagnitnii rezonans v mehaniceski razrusennih tverdih telah</subfield><subfield code="c">M.v. vlasova, n.g. kakazei</subfield></datafield><datafield ind1=" " ind2=" " tag="260"><subfield code="a">Kiev</subfield><subfield code="b">Naukova Dumka</subfield><subfield code="c">1979</subfield></datafield><datafield ind1=" " ind2=" " tag="300"><subfield code="a">195P</subfield></datafield><datafield ind1="1" ind2=" " tag="700"><subfield code="a">Kakazei, N.G</subfield></datafield><datafield ind1=" " ind2=" " tag="852"><subfield code="a">77482</subfield><subfield code="c">539.2</subfield></datafield><datafield ind1=" " ind2=" " tag="CAT"><subfield code="a">Sys</subfield><subfield code="c">20121127</subfield><subfield code="h">133517</subfield></datafield></record></collection>